@book{ key,
    author = "Author, Sample",
    title = "Sample Title",
    year = "0000",
    address = "City",
    publisher = "Publisher"
  }
  